<?xml version="1.0" encoding="UTF-8"?><collection xmlns="http://www.loc.gov/MARC21/slim"><record><leader>00371nam--2200133-i-4500</leader><controlfield tag="001">000037984</controlfield><controlfield tag="002">20161230</controlfield><controlfield tag="005">20161230201041</controlfield><controlfield tag="008">060222s1000------------r-----000-0-eng-d</controlfield><datafield ind1=" " ind2=" " tag="100"><subfield code="a">Rainer Georg</subfield></datafield><datafield ind1=" " ind2=" " tag="245"><subfield code="a">Synthese 7-substituierter purine. der mechanismus der purinbildung</subfield></datafield><datafield ind1=" " ind2=" " tag="260"><subfield code="a">Stuttgart, Technische Hochschule, 1963. 85 P</subfield></datafield><datafield ind1=" " ind2=" " tag="490"><subfield code="a">Disertatie</subfield></datafield><datafield ind1=" " ind2=" " tag="852"><subfield code="a">19003</subfield></datafield></record></collection>